%
%  An example of a bibliographical database for bibTeX
%
%  Recommended software for maintenance of *.bib files:
%    JabRef, http://jabref.sourceforge.net/
%
%  BEWARE:
%
%    *  If a name contains a capital letter, which must be kept such,
%       use curly brackets ({T}hailand, {HIV}).
%
%  ===========================================================================

@ARTICLE{Zeller99,
  author = {Zeller, A.},
  title = {{Yesterday, my program worked. Today, it does not. Why?}},
  journal = {LNCS},
  year = {1999},
  volume = {1687},
  pages = {253--267}
}

@ARTICLE{Zeller01,
  author = {Zeller, A.},
  title = {{Automated Debugging: Are We Close?}},
  journal = {IEEE Computer},
  year = {2001}
}

@ARTICLE{Zeller02,
  author = {Zeller, A. and Hildebrandt, R.},
  title = {{Simplifying and Isolating Failure-Inducing Input}},
  journal = {{IEEE Transactions on Software Engineering}},
  year = {2002},
  volume = {28},
  pages = {183--200},
  number = {2}
}

@ARTICLE{Weiser84,
  author = {Weiser, M.},
  title = {{Program slicing}},
  journal = {{IEEE Transactions on Software Engineering}},
  year = {1984},
  volume = {10},
  pages = {352--357},
  number = {4}
}

@ARTICLE{Ottenstein84,
  author = {Ottenstein, K. J. and Ottenstein, L. M.},
  title = {{The program dependence graph in a software development environment}},
  journal = {{Proceedings of the 1st ACM SIGSOFT/SIGPLAN Software Engineering
    Symposium on Practical Software Development Environments}},
  year = {1984},
  publisher = {ACM Press, New York, NY},
  pages = {177--184},
}

@ARTICLE{Korel88,
  author = {Korel, B. and Laski, J.},
  title = {Dynamic program slicing},
  journal = {{Inform. Process.}},
  year = {1988},
  volume = {Letters 29},
  pages = {155--163},
  number = {3}
}

@ARTICLE{Turing36,
  author = {Turing, A. M.},
  title = "{{On Computable Numbers, with an Application to the Entscheidungsproblem}}",
  journal = {{Proceedings of the London Mathematical Society}},
  volume = {s2-42},
  number = {1},
  pages = {230-265},
  year = {1937},
  month = {01},
  issn = {0024-6115}
}

@article{Rice53,
 issn = {00029947},
 author = {Rice, H. G.},
 journal = {{Transactions of the American Mathematical Society}},
 number = {2},
 pages = {358--366},
 publisher = {{American Mathematical Society}},
 title = {{Classes of Recursively Enumerable Sets and Their Decision Problems}},
 volume = {74},
 year = {1953}
}

@article{Misherghi06,
author = {Misherghi, G. and Su, Z.},
title = {{HDD: Hierarchical Delta Debugging}},
year = {2006},
isbn = {1595933751},
publisher = {{Association for Computing Machinery}},
address = {New York, NY, USA},
booktitle = {{Proceedings of the 28th International Conference on Software Engineering}},
pages = {142–151},
numpages = {10},
series = {ICSE '06}
}

@article{Gupta97,
author = {Gupta, R. and Soffa, M. L. and Howard, J.},
title = {{Hybrid Slicing: Integrating Dynamic Information with Static Analysis}},
year = {1997},
issue_date = {Oct. 1997},
publisher = {{Association for Computing Machinery}},
volume = {6},
number = {4},
issn = {1049-331X},
journal = {{ACM Trans. Softw. Eng. Methodol.}},
month = oct,
pages = {370–397},
numpages = {28},
}

@article{Chalupa20,
title = {{DG: A program analysis library}},
journal = {Software Impacts},
volume = {6},
pages = {100038},
year = {2020},
issn = {2665-9638},
author = {Chalupa, M.},
}

@article{Sahoo13,
author = {Sahoo, S. K. and Criswell, J. and Geigle, C. and Adve, V.},
title = {{Using Likely Invariants for Automated Software Fault Localization}},
year = {2013},
issue_date = {March 2013},
publisher = {Association for Computing Machinery},
address = {New York, NY, USA},
volume = {41},
number = {1},
issn = {0163-5964},
journal = {SIGARCH Comput. Archit. News},
month = mar,
pages = {139–152},
numpages = {14},
}

@MISC{antlr:online,
  title = {{About The ANTLR Parser Generator}},
  howpublished = {\url{https://www.antlr.org/about.html}},
  note = "[Online; accessed 14-March-2021]"
}

@MISC{dms:online,
  author = {{Semantic Designs}},
  title = {DMS\textsuperscript{\textregistered} Software Reengineering Toolkit},
  howpublished = {\url{http://www.semdesigns.com/Products/DMS/DMSToolkit.html}},
  note = "[Online; accessed 14-March-2021]"
}

@MISC{plugins:online,
  title = {{Clang Plugins - Clang 12 documentation}},
  howpublished = {\url{https://clang.llvm.org/docs/ClangPlugins.html}},
  note = "[Online; accessed 15-March-2021]"
}

@MISC{gcc:online,
  title = {{GCC, the GNU Compiler Collection}},
  howpublished = {\url{https://gcc.gnu.org/}},
  note = "[Online; accessed 14-March-2021]"
}

@MISC{llvm:online,
  title = {{The LLVM Compiler Infrastructure Project}},
  howpublished = {\url{https://llvm.org/}},
  note = "[Online; accessed 14-March-2021]"
}

@MISC{clang:online,
  title = {{Clang: a C language family frontend for LLVM}},
  howpublished = {\url{https://clang.llvm.org/}},
  note = "[Online; accessed 14-March-2021]"
}

@MISC{libtooling:online,
  title = {{LibTooling - Clang 12 documentation}},
  howpublished = {\url{https://clang.llvm.org/docs/LibTooling.html}},
  note = "[Online; accessed 15-March-2021]"
}

@MISC{ast:online,
  title = {{Introduction to the Clang AST - Clang 12 documentation}},
  howpublished = {\url{https://clang.llvm.org/docs/IntroductionToTheClangAST.html}},
  note = "[Online; accessed 15-March-2021]"
}

@MISC{sourcetosource:online,
  author = {Eli Bendersky},
  title = {{Modern source-to-source transformation with Clang and libTooling}},
  howpublished = {\url{https://eli.thegreenplace.net/2014/05/01/modern-source-to-source-transformation-with-clang-and-libtooling}},
  note = "[Online; accessed 16-March-2021]"
}

@MISC{visitor:online,
  title = {{RecursiveASTVisitor Class Template Reference}},
  howpublished = {\url{https://clang.llvm.org/doxygen/classclang_1_1RecursiveASTVisitor.html}},
  note = "[Online; accessed 15-March-2021]"
}

@MISC{cd:online,
  author = {Eli Bendersky},
  title = {{Compilation databases for Clang-based tools}},
  howpublished = {\url{https://eli.thegreenplace.net/2014/05/21/compilation-databases-for-clang-based-tools}},
  note = "[Online; accessed 15-March-2021]"
}

@MISC{tutorial:online,
  author = {Kevin Boos},
  title = {{Clang Tutorial Part II: LibTooling Example}},
  howpublished = {\url{https://kevinaboos.wordpress.com/2013/07/23/clang-tutorial-part-ii-libtooling-example/}},
  note = "[Online; accessed 15-March-2021]"
}

@MISC{matchersreference:online,
  title = {{AST Matcher Reference}},
  howpublished = {\url{https://clang.llvm.org/docs/LibASTMatchersReference.html}},
  note = "[Online; accessed 16-March-2021]"
}

@MISC{matchers:online,
  title = {{Matching the Clang AST - Clang 12 documentation}},
  howpublished = {\url{https://clang.llvm.org/docs/LibASTMatchers.html}},
  note = "[Online; accessed 16-March-2021]"
}

@MISC{matcherstutorial:online,
  title = {{Tutorial for building tools using LibTooling and LibASTMatchers -
  Clang 12 documentation}},
  howpublished = {\url{https://clang.llvm.org/docs/LibASTMatchersTutorial.html}},
  note = "[Online; accessed 16-March-2021]"
}

@MISC{spotbugs:online,
  title = {{SpotBugs}},
  howpublished = {\url{https://spotbugs.github.io/index.html}},
  note = "[Online; accessed 14-March-2021]"
}

@MISC{analyzer:online,
  title = {{Clang Static Analyzer}},
  howpublished = {\url{https://clang-analyzer.llvm.org/}},
  note = "[Online; accessed 14-March-2021]"
}

@MISC{codechecker:online,
  title = {{CodeChecker}},
  howpublished = {\url{https://codechecker.readthedocs.io/en/latest/}},
  note = "[Online; accessed 14-March-2021]"
}

@MISC{infer:online,
  title = {{Infer Static Analyzer: Infer: Infer}},
  howpublished = {\url{https://fbinfer.com/}},
  note = "[Online; accessed 14-March-2021]"
}