%
%  An example of a bibliographical database for bibTeX
%
%  Recommended software for maintenance of *.bib files:
%    JabRef, http://jabref.sourceforge.net/
%
%  BEWARE:
%
%    *  If a name contains a capital letter, which must be kept such,
%       use curly brackets ({T}hailand, {HIV}).
%
%  ===========================================================================

@ARTICLE{Zeller99,
  author = {Zeller, A.},
  title = {Yesterday, my program worked. {T}oday, it does not. {W}hy?},
  journal = {LNCS},
  year = {1999},
  volume = {1687},
  pages = {253--267}
}

@ARTICLE{Zeller01,
  author = {Zeller, A.},
  title = {{A}utomated {D}ebugging: {A}re {W}e {C}lose?},
  journal = {IEEE Computer},
  year = {2001}
}

@ARTICLE{Zeller02,
  author = {Zeller, A. and Hildebrandt, R.},
  title = {Simplifying and {I}solating {F}ailure-{I}nducing {I}nput},
  journal = {IEEE Transactions on Software Engineering},
  year = {2002},
  volume = {28},
  pages = {183--200},
  number = {2}
}

@ARTICLE{Weiser84,
  author = {Weiser, M.},
  title = {Program slicing},
  journal = {IEEE Transactions on Software Engineering},
  year = {1984},
  volume = {10},
  pages = {352--357},
  number = {4}
}

@ARTICLE{Ottenstein84,
  author = {Ottenstein, K. J. and Ottenstein, L. M.},
  title = {The program dependence graph in a software development environment},
  journal = {{P}roceedings of the 1st {ACM SIGSOFT/SIGPLAN} {S}oftware {E}ngineering
    {S}ymposium on {P}ractical {S}oftware {D}evelopment {E}nvironments},
  year = {1984},
  publisher = {ACM Press, New York, NY},
  pages = {177--184},
}

@ARTICLE{Korel88,
  author = {Korel, B. and Laski, J.},
  title = {Dynamic program slicing},
  journal = {Inform. Process.},
  year = {1988},
  volume = {Letters 29},
  pages = {155--163},
  number = {3}
}



@ARTICLE{Genberget08,
  author = {Genberg, B. L. and Kulich, M. and Kawichai, S. and Modiba, P. and
	Chingono, A. and Kilonzo, G. P. and Richter, L. and Pettifor, A.
	and Sweat, M. and Celentano, D. D.},
  title = {{HIV} risk behaviors in Sub-{S}aharan {A}frica and {N}orthern {T}hailand:
	{B}aseline behavioral data from project {A}ccept},
  journal = {Journal of Acquired Immune Deficiency Syndrome},
  year = {2008},
  volume = {49},
  pages = {309--319}
}

@ARTICLE{KaplanMeier58,
  author = {Kaplan, E. L. and Meier, P.},
  title = {Nonparametric estimation from incomplete observations},
  journal = {Journal of the American Statistical Association},
  year = {1958},
  volume = {53},
  pages = {457--481},
  number = {282}
}

@BOOK{LehmannCasella98,
  title = {Theory of Point Estimation},
  publisher = {Springer-Verlag},
  year = {1998},
  author = {Lehmann, E. L. and Casella, G.},
  address = {New York},
  series = {{S}econd {E}dition},
  isbn = {0-387-98502-6}
}

@ARTICLE{Student08,
  author = {Student},
  title = {On the probable error of the mean},
  journal = {Biometrika},
  year = {1908},
  volume = {6},
  pages = {1-25}
}
